<?xml version="1.0" encoding="UTF-8"?><record xmlns="http://www.loc.gov/MARC21/slim" xmlns:cinclude="http://apache.org/cocoon/include/1.0" xmlns:zs="http://www.loc.gov/zing/srw/">
  <leader>00605nz  a2200157n  4500</leader>
  <controlfield tag="001">no2014003384</controlfield>
  <controlfield tag="003">DLC</controlfield>
  <controlfield tag="005">20140111073532.0</controlfield>
  <controlfield tag="008">140110n| azannaabn          |n aaa     c</controlfield>
  <datafield tag="010" ind1=" " ind2=" ">
    <subfield code="a">no2014003384</subfield>
  </datafield>
  <datafield tag="035" ind1=" " ind2=" ">
    <subfield code="a">(OCoLC)oca09653658</subfield>
  </datafield>
  <datafield tag="040" ind1=" " ind2=" ">
    <subfield code="a">OU</subfield>
    <subfield code="b">eng</subfield>
    <subfield code="e">rda</subfield>
    <subfield code="c">OU</subfield>
  </datafield>
  <datafield tag="046" ind1=" " ind2=" ">
    <subfield code="f">1926</subfield>
  </datafield>
  <datafield tag="100" ind1="1" ind2=" ">
    <subfield code="a">Johnson, William Ideson,</subfield>
    <subfield code="d">1926-</subfield>
  </datafield>
  <datafield tag="670" ind1=" " ind2=" ">
    <subfield code="a">Hermetic alchemy as the pattern for schooling, seen by Ivan Illich in the works of John Amos Comenius, 1973:</subfield>
    <subfield code="b">title page (William Ideson Johnson)</subfield>
  </datafield>
  <datafield tag="670" ind1=" " ind2=" ">
    <subfield code="a">OCLC database, January 10, 2014</subfield>
    <subfield code="b">(access point: Johnson, William Ideson, 1926- ; usage: William Ideson Johnson)</subfield>
  </datafield>
</record>